<record><leader>00000cas a22000007a 4500</leader><controlfield tag="001">15530361</controlfield><controlfield tag="008">870414d19251957pauwr ne      0    0eng d</controlfield><datafield ind1=" " ind2=" " tag="010"><subfield code="a">sn 87080416 </subfield></datafield><datafield ind1=" " ind2=" " tag="040"><subfield code="a">NPH</subfield><subfield code="b">eng</subfield><subfield code="c">NPH</subfield><subfield code="d">DLC</subfield><subfield code="d">OCLCQ</subfield><subfield code="d">DLC</subfield><subfield code="d">OCLCF</subfield></datafield><datafield ind1=" " ind2=" " tag="042"><subfield code="a">msc</subfield></datafield><datafield ind1=" " ind2=" " tag="043"><subfield code="a">n-us-pa</subfield></datafield><datafield ind1="0" ind2="0" tag="245"><subfield code="a">Milford dispatch and Pike County press.</subfield></datafield><datafield ind1="3" ind2="0" tag="246"><subfield code="a">Dispatch and Pike County press</subfield></datafield><datafield ind1=" " ind2=" " tag="260"><subfield code="a">Milford, Pa. :</subfield><subfield code="b">Josiah F. Terwilliger,</subfield><subfield code="c">1925-1957.</subfield></datafield><datafield ind1=" " ind2=" " tag="300"><subfield code="a">v. :</subfield><subfield code="b">ill. ;</subfield><subfield code="c">66 cm.</subfield></datafield><datafield ind1=" " ind2=" " tag="310"><subfield code="a">Weekly</subfield></datafield><datafield ind1="0" ind2=" " tag="362"><subfield code="a">99th yr., no. 31 (June 4, 1925)-130th yr., no. 48 (Sept. 12, 1957).</subfield></datafield><datafield ind1=" " ind2="0" tag="651"><subfield code="a">Milford (Pike County, Pa.)</subfield><subfield code="v">Newspapers.</subfield></datafield><datafield ind1=" " ind2="7" tag="655"><subfield code="a">Newspapers.</subfield><subfield code="2">fast</subfield><subfield code="0">(OCoLC)fst01423814</subfield></datafield><datafield ind1=" " ind2="7" tag="651"><subfield code="a">Pennsylvania</subfield><subfield code="z">Milford (Pike County)</subfield><subfield code="2">fast</subfield><subfield code="0">(OCoLC)fst01312254</subfield></datafield><datafield ind1=" " ind2=" " tag="752"><subfield code="a">United States</subfield><subfield code="b">Pennsylvania</subfield><subfield code="c">Pike</subfield><subfield code="d">Milford.</subfield></datafield><datafield ind1="0" ind2="4" tag="780"><subfield code="t">Milford dispatch</subfield><subfield code="w">(DLC)sn 87080415</subfield></datafield><datafield ind1="0" ind2="4" tag="780"><subfield code="t">Pike County press (Milford, Pike County, Pa.)</subfield><subfield code="x">2327-686X</subfield><subfield code="w">(DLC)sn 87080417</subfield><subfield code="w">(OCoLC)15238851</subfield></datafield><datafield ind1="0" ind2="0" tag="785"><subfield code="t">Pike County dispatch (Milford, Pike County, Pa.)</subfield><subfield code="w">(DLC)sn 87078006</subfield></datafield></record>